%YAML 1.1
%TAG !u! tag:unity3d.com,2011:
--- !u!1 &5574340077099168540
GameObject:
  m_ObjectHideFlags: 0
  m_CorrespondingSourceObject: {fileID: 0}
  m_PrefabInstance: {fileID: 0}
  m_PrefabAsset: {fileID: 0}
  serializedVersion: 6
  m_Component:
  - component: {fileID: 3462002837194476211}
  - component: {fileID: 5145403342613237302}
  m_Layer: 0
  m_Name: collider
  m_TagString: Untagged
  m_Icon: {fileID: 0}
  m_NavMeshLayer: 0
  m_StaticEditorFlags: 0
  m_IsActive: 1
--- !u!4 &3462002837194476211
Transform:
  m_ObjectHideFlags: 0
  m_CorrespondingSourceObject: {fileID: 0}
  m_PrefabInstance: {fileID: 0}
  m_PrefabAsset: {fileID: 0}
  m_GameObject: {fileID: 5574340077099168540}
  m_LocalRotation: {x: 0, y: 0, z: 0, w: 1}
  m_LocalPosition: {x: 0, y: 0, z: 0}
  m_LocalScale: {x: 1, y: 1, z: 1}
  m_Children: []
  m_Father: {fileID: 8542134549286644621}
  m_RootOrder: 1
  m_LocalEulerAnglesHint: {x: 0, y: 0, z: 0}
--- !u!65 &5145403342613237302
BoxCollider:
  m_ObjectHideFlags: 0
  m_CorrespondingSourceObject: {fileID: 0}
  m_PrefabInstance: {fileID: 0}
  m_PrefabAsset: {fileID: 0}
  m_GameObject: {fileID: 5574340077099168540}
  m_Material: {fileID: 0}
  m_IsTrigger: 0
  m_Enabled: 1
  serializedVersion: 2
  m_Size: {x: 1, y: 1, z: 1}
  m_Center: {x: 0, y: 0, z: 0}
--- !u!1 &6037911013174154080
GameObject:
  m_ObjectHideFlags: 0
  m_CorrespondingSourceObject: {fileID: 0}
  m_PrefabInstance: {fileID: 0}
  m_PrefabAsset: {fileID: 0}
  serializedVersion: 6
  m_Component:
  - component: {fileID: 8542134549286644621}
  m_Layer: 0
  m_Name: planta_02
  m_TagString: Untagged
  m_Icon: {fileID: 0}
  m_NavMeshLayer: 0
  m_StaticEditorFlags: 0
  m_IsActive: 1
--- !u!4 &8542134549286644621
Transform:
  m_ObjectHideFlags: 0
  m_CorrespondingSourceObject: {fileID: 0}
  m_PrefabInstance: {fileID: 0}
  m_PrefabAsset: {fileID: 0}
  m_GameObject: {fileID: 6037911013174154080}
  m_LocalRotation: {x: 0, y: 0, z: 0, w: 1}
  m_LocalPosition: {x: 0, y: 0, z: 0}
  m_LocalScale: {x: 1, y: 1, z: 1}
  m_Children:
  - {fileID: 5719945745030679751}
  - {fileID: 3462002837194476211}
  m_Father: {fileID: 0}
  m_RootOrder: 0
  m_LocalEulerAnglesHint: {x: 0, y: 0, z: 0}
--- !u!1001 &1552840114762858880
PrefabInstance:
  m_ObjectHideFlags: 0
  serializedVersion: 2
  m_Modification:
    m_TransformParent: {fileID: 5719945745030679751}
    m_Modifications:
    - target: {fileID: 111356, guid: aae820c0ee82e0349bc4c6082d7992f8, type: 3}
      propertyPath: m_StaticEditorFlags
      value: 4294967295
      objectReference: {fileID: 0}
    - target: {fileID: 115106, guid: aae820c0ee82e0349bc4c6082d7992f8, type: 3}
      propertyPath: m_StaticEditorFlags
      value: 4294967295
      objectReference: {fileID: 0}
    - target: {fileID: 116358, guid: aae820c0ee82e0349bc4c6082d7992f8, type: 3}
      propertyPath: m_StaticEditorFlags
      value: 4294967295
      objectReference: {fileID: 0}
    - target: {fileID: 127244, guid: aae820c0ee82e0349bc4c6082d7992f8, type: 3}
      propertyPath: m_StaticEditorFlags
      value: 4294967295
      objectReference: {fileID: 0}
    - target: {fileID: 131986, guid: aae820c0ee82e0349bc4c6082d7992f8, type: 3}
      propertyPath: m_StaticEditorFlags
      value: 4294967295
      objectReference: {fileID: 0}
    - target: {fileID: 133234, guid: aae820c0ee82e0349bc4c6082d7992f8, type: 3}
      propertyPath: m_StaticEditorFlags
      value: 4294967295
      objectReference: {fileID: 0}
    - target: {fileID: 165178, guid: aae820c0ee82e0349bc4c6082d7992f8, type: 3}
      propertyPath: m_StaticEditorFlags
      value: 4294967295
      objectReference: {fileID: 0}
    - target: {fileID: 170566, guid: aae820c0ee82e0349bc4c6082d7992f8, type: 3}
      propertyPath: m_StaticEditorFlags
      value: 4294967295
      objectReference: {fileID: 0}
    - target: {fileID: 177442, guid: aae820c0ee82e0349bc4c6082d7992f8, type: 3}
      propertyPath: m_StaticEditorFlags
      value: 4294967295
      objectReference: {fileID: 0}
    - target: {fileID: 178070, guid: aae820c0ee82e0349bc4c6082d7992f8, type: 3}
      propertyPath: m_StaticEditorFlags
      value: 4294967295
      objectReference: {fileID: 0}
    - target: {fileID: 189442, guid: aae820c0ee82e0349bc4c6082d7992f8, type: 3}
      propertyPath: m_StaticEditorFlags
      value: 4294967295
      objectReference: {fileID: 0}
    - target: {fileID: 190628, guid: aae820c0ee82e0349bc4c6082d7992f8, type: 3}
      propertyPath: m_StaticEditorFlags
      value: 4294967295
      objectReference: {fileID: 0}
    - target: {fileID: 193868, guid: aae820c0ee82e0349bc4c6082d7992f8, type: 3}
      propertyPath: m_StaticEditorFlags
      value: 4294967295
      objectReference: {fileID: 0}
    - target: {fileID: 486668, guid: aae820c0ee82e0349bc4c6082d7992f8, type: 3}
      propertyPath: m_RootOrder
      value: 1
      objectReference: {fileID: 0}
    - target: {fileID: 486668, guid: aae820c0ee82e0349bc4c6082d7992f8, type: 3}
      propertyPath: m_LocalScale.x
      value: 0.3053717
      objectReference: {fileID: 0}
    - target: {fileID: 486668, guid: aae820c0ee82e0349bc4c6082d7992f8, type: 3}
      propertyPath: m_LocalScale.y
      value: 0.30537182
      objectReference: {fileID: 0}
    - target: {fileID: 486668, guid: aae820c0ee82e0349bc4c6082d7992f8, type: 3}
      propertyPath: m_LocalScale.z
      value: 0.30537182
      objectReference: {fileID: 0}
    - target: {fileID: 486668, guid: aae820c0ee82e0349bc4c6082d7992f8, type: 3}
      propertyPath: m_LocalPosition.x
      value: -0.029140472
      objectReference: {fileID: 0}
    - target: {fileID: 486668, guid: aae820c0ee82e0349bc4c6082d7992f8, type: 3}
      propertyPath: m_LocalPosition.y
      value: 0.2206999
      objectReference: {fileID: 0}
    - target: {fileID: 486668, guid: aae820c0ee82e0349bc4c6082d7992f8, type: 3}
      propertyPath: m_LocalPosition.z
      value: -0.004999886
      objectReference: {fileID: 0}
    - target: {fileID: 486668, guid: aae820c0ee82e0349bc4c6082d7992f8, type: 3}
      propertyPath: m_LocalRotation.w
      value: 0.7071068
      objectReference: {fileID: 0}
    - target: {fileID: 486668, guid: aae820c0ee82e0349bc4c6082d7992f8, type: 3}
      propertyPath: m_LocalRotation.x
      value: -0.7071068
      objectReference: {fileID: 0}
    - target: {fileID: 486668, guid: aae820c0ee82e0349bc4c6082d7992f8, type: 3}
      propertyPath: m_LocalRotation.y
      value: -0
      objectReference: {fileID: 0}
    - target: {fileID: 486668, guid: aae820c0ee82e0349bc4c6082d7992f8, type: 3}
      propertyPath: m_LocalRotation.z
      value: -0
      objectReference: {fileID: 0}
    m_RemovedComponents: []
  m_SourcePrefab: {fileID: 100100000, guid: aae820c0ee82e0349bc4c6082d7992f8, type: 3}
--- !u!1001 &5723704110256533453
PrefabInstance:
  m_ObjectHideFlags: 0
  serializedVersion: 2
  m_Modification:
    m_TransformParent: {fileID: 8542134549286644621}
    m_Modifications:
    - target: {fileID: 1762969515281058, guid: c29a1852ba50545488f3f682552bd328, type: 3}
      propertyPath: m_StaticEditorFlags
      value: 4294967295
      objectReference: {fileID: 0}
    - target: {fileID: 1860321634362940, guid: c29a1852ba50545488f3f682552bd328, type: 3}
      propertyPath: m_Name
      value: model
      objectReference: {fileID: 0}
    - target: {fileID: 1860321634362940, guid: c29a1852ba50545488f3f682552bd328, type: 3}
      propertyPath: m_StaticEditorFlags
      value: 4294967295
      objectReference: {fileID: 0}
    - target: {fileID: 4497867595522826, guid: c29a1852ba50545488f3f682552bd328, type: 3}
      propertyPath: m_RootOrder
      value: 0
      objectReference: {fileID: 0}
    - target: {fileID: 4497867595522826, guid: c29a1852ba50545488f3f682552bd328, type: 3}
      propertyPath: m_LocalPosition.x
      value: 0
      objectReference: {fileID: 0}
    - target: {fileID: 4497867595522826, guid: c29a1852ba50545488f3f682552bd328, type: 3}
      propertyPath: m_LocalPosition.y
      value: 0
      objectReference: {fileID: 0}
    - target: {fileID: 4497867595522826, guid: c29a1852ba50545488f3f682552bd328, type: 3}
      propertyPath: m_LocalPosition.z
      value: 0
      objectReference: {fileID: 0}
    - target: {fileID: 4497867595522826, guid: c29a1852ba50545488f3f682552bd328, type: 3}
      propertyPath: m_LocalRotation.w
      value: 1
      objectReference: {fileID: 0}
    - target: {fileID: 4497867595522826, guid: c29a1852ba50545488f3f682552bd328, type: 3}
      propertyPath: m_LocalRotation.x
      value: 0
      objectReference: {fileID: 0}
    - target: {fileID: 4497867595522826, guid: c29a1852ba50545488f3f682552bd328, type: 3}
      propertyPath: m_LocalRotation.y
      value: 0
      objectReference: {fileID: 0}
    - target: {fileID: 4497867595522826, guid: c29a1852ba50545488f3f682552bd328, type: 3}
      propertyPath: m_LocalRotation.z
      value: 0
      objectReference: {fileID: 0}
    - target: {fileID: 23739117268761194, guid: c29a1852ba50545488f3f682552bd328,
        type: 3}
      propertyPath: m_Materials.Array.data[0]
      value: 
      objectReference: {fileID: 2100000, guid: 29caea8098fbf264c96e2baa81504bf6, type: 2}
    m_RemovedComponents: []
  m_SourcePrefab: {fileID: 100100000, guid: c29a1852ba50545488f3f682552bd328, type: 3}
--- !u!4 &5719945745030679751 stripped
Transform:
  m_CorrespondingSourceObject: {fileID: 4497867595522826, guid: c29a1852ba50545488f3f682552bd328,
    type: 3}
  m_PrefabInstance: {fileID: 5723704110256533453}
  m_PrefabAsset: {fileID: 0}
